@misc{qtan,
author = {Qingyang Tan and Lin Gao and Yu-Kun Lai and Shihong Xia},
title = {Variational Autoencoders for Deforming 3D Mesh Models},
year = {2017},
note = {arXiv:1709.04307},
}

@article{ranjan,
author = {Anurag Ranjan and Timo Bolkart and Soubhik Sanyal and Michael J. Black},
title = {Generating 3D faces using Convolutional Mesh Autoencoders},
year = {2018},
note = {arXiv:1807.10267},
}

@article{hanocka,
author = {Rana Hanocka and Amir Hertz and Noa Fish and Raja Giryes and Shachar Fleishman and Daniel Cohen-Or},
title = {MeshCNN: A Network with an Edge},
year = {2018},
note = {arXiv:1809.05910},
}

@misc{yuan,
author = {Yu-Jie Yuan and Yu-Kun Lai and Jie Yang and Hongbo Fu and Lin Gao},
title = {Mesh Variational Autoencoders with Edge Contraction Pooling},
year = {2019},
note = {arXiv:1908.02507},
}

@misc{hahner,
author = {Sara Hahner and Jochen Garcke},
title = {Mesh Convolutional Autoencoder for Semi-Regular Meshes of Different Sizes},
year = {2022},
}

@misc{cheng,
author = {Shiyang Cheng and Michael Bronstein and Yuxiang Zhou and Irene Kotsia and Maja Pantic and Stefanos Zafeiriou},
title = {MeshGAN: Non-linear 3D Morphable Models of Faces},
year = {2019},
note = {arXiv:1903.10384},
}

@misc{hirota,
author = {Gentaro Hirota and Renee Maheshewari and Ming C. Lin},
title = {MeshGAN: Non-linear 3D Morphable Models of Faces},
year = {1999}
}

@misc{vonfunck,
author = {Wolfram von Funck and Holger Theisel and Hans-Peter Seidel},
title = {Vector Field Based Shape Deformations},
year = {2006}
}

@article{hahmann,
  year = {2011},
  author = {Stefanie Hahmann and Georges-Pierre Bonneau and S{\'{e}}bastien Barbier and Gershon Elber and Hans Hagen},
  title = {Volume-preserving {FFD} for programmable graphics hardware},
  note = {DOI: 10.1007/s00371-011-0608-5},
}

@misc{eisemberg,
author = {Marvin Eisenberger and Zorah Lähner and Daniel Cremers},
title = {Divergence-Free Shape Interpolation and Correspondence},
year = {2018},
note = {arXiv:1806.10417},
}

@misc{varauto,
author = {Diederik P Kingma and Max Welling},
title = {Auto-Encoding Variational Bayes},
year = {2013},
note = {arXiv:1312.6114},
}

@misc{auto,
author = {Dor Bank and Noam Koenigstein and Raja Giryes},
title = {Autoencoders},
year = {2020},
note = {arXiv:2003.05991},
}

@inproceedings{made,
  note = {doi:10.1145/1273496.1273530},
  year={2007},
  author = {Amir massoud Farahmand and Csaba Szepesvari and Jean-Yves Audibert},
  title = {Manifold-adaptive dimension estimation},
}

@misc{gan,
author = {Ian J. Goodfellow and Jean Pouget-Abadie and Mehdi Mirza and Bing Xu and David Warde-Farley and Sherjil Ozair and Aaron Courville and Yoshua Bengio},
title = {Generative Adversarial Networks},
year = {2014},
note = {arXiv:1406.2661},
}

@misc{aae,
author = {Alireza Makhzani and Jonathon Shlens and Navdeep Jaitly and Ian Goodfellow and Brendan Frey},
title = {Adversarial Autoencoders},
year = {2015},
note = {arXiv:1511.05644},
}


@misc{began,
author = {David Berthelot and Thomas Schumm and Luke Metz},
title = {BEGAN: Boundary Equilibrium Generative Adversarial Networks},
year = {2017},
note = {arXiv:1703.10717},
}

@misc{vaegan,
author = {Anders Boesen Lindbo Larsen and Søren Kaae Sønderby and Hugo Larochelle and Ole Winther},
title = {Autoencoding beyond pixels using a learned similarity metric},
year = {2015},
note = {arXiv:1512.09300},
}
