%% This BibTeX bibliography file was created using BibDesk.
%% http://bibdesk.sourceforge.net/


%% Created for Marco Tezzele at 2019-11-21 16:44:55 +0100 


%% Saved with string encoding Unicode (UTF-8) 



@article{demo2019cras,
	Author = {Demo, Nicola and Tezzele, Marco and Rozza, Gianluigi},
	Date-Added = {2019-11-11 10:37:09 +0100},
	Date-Modified = {2019-11-11 10:37:09 +0100},
	Journal = {Comptes Rendus de l'Acad\'emie des Sciences DataBEST 2019 Special Issue},
	Title = {A non-intrusive approach for proper orthogonal decomposition modal coefficients reconstruction through active subspaces},
	Year = {2019}}

@article{tezzele2019mortech,
	Author = {Tezzele, Marco and Demo, Nicola and Stabile, Giovanni and Mola, Andrea and Rozza, Gianluigi},
	Date-Added = {2019-11-11 10:36:37 +0100},
	Date-Modified = {2019-11-13 15:02:49 +0100},
	Journal = {Advanced Modeling and Simulation in Engineering Sciences},
	Title = {{Enhancing CFD predictions in shape design problems by model and parameter space reduction}},
	Year = {2019}}

@book{constantine2015active,
	Author = {Constantine, Paul G},
	Date-Added = {2016-10-26 17:57:24 +0000},
	Date-Modified = {2019-11-21 16:44:32 +0100},
	Publisher = {SIAM},
	Series = {SIAM Spotlights},
	Title = {Active subspaces: Emerging ideas for dimension reduction in parameter studies},
	Volume = {2},
	Year = {2015}}
